###########################################################
## Signal selection papers and ECO patch papers
###########################################################
%%%%%%%%%%%%% New ECO Approaches %%%%%%%%%%%%%%%%
@InProceedings{SS_Roland:DAC19,
  author =   {V. N. {Kravets} and N. {Lee} and J. R. {Jiang}},
  title =    {{Comprehensive Search for ECO Rectification Using Symbolic Sampling}},
  OPTcrossref =  {},
  OPTkey =   {},
  booktitle = {56th ACM/IEEE Design Automation Conference (DAC)},
  year =   {2019},
  OPTeditor =    {},
  OPTvolume =    {},
  OPTnumber =    {},
  OPTseries =    {},
  pages =   {1-6},
  OPTmonth =    {},
  OPTaddress =   {},
  OPTorganization = {},
  OPTpublisher = {},
  OPTnote =    {},
  OPTannote =    {}
}

@InProceedings{SS_Fujita:ISCAS19,
  author =   {Y. {Kimura} and A. M. {Gharehbaghi} and M. {Fujita}},
  title =    {{Signal Selection Methods for Efficient Multi-Target Correction}},
  OPTcrossref =  {},
  OPTkey =   {},
  booktitle = {IEEE International Symposium on Circuits and Systems (ISCAS)},
  year =   {2019},
  OPTeditor =    {},
  OPTvolume =    {},
  OPTnumber =    {},
  OPTseries =    {},
  pages =   {1-5},
  OPTmonth =    {},
  OPTaddress =   {},
  OPTorganization = {},
  OPTpublisher = {},
  OPTnote =    {},
  OPTannote =    {}
} 

@InProceedings{SS_Fujita:ISQED17,
  author =   {A. M. {Gharehbaghi} and M. {Fujita}},
  title =    {A new approach for selecting inputs of logic functions during debug},
  OPTcrossref =  {},
  OPTkey =   {},
  booktitle = {International Symposium on Quality Electronic Design (ISQED)},
  year =   {2017},
  OPTeditor =    {},
  OPTvolume =    {},
  OPTnumber =    {},
  OPTseries =    {},
  pages =   {166-173},
  OPTmonth =    {March},
  OPTaddress =   {},
  OPTorganization = {},
  OPTpublisher = {},
  OPTnote =    {},
  OPTannote =    {}
}

@InProceedings{SS_Alan:DAC18,
  author =   {Dao, Ai Quoc and Lee, Nian-Ze and Chen, Li-Cheng and Lin, Mark Po-Hung and Jiang, Jie-Hong R. and Mishchenko, Alan and Brayton, Robert},
  title =    {{Efficient Computation of ECO Patch Functions}},
  OPTcrossref =  {},
  OPTkey =   {},
  booktitle = {55th Design Automation Conference (DAC)},
  year =   {2018},
  OPTeditor =    {},
  OPTvolume =    {},
  OPTnumber =    {},
  OPTseries =    {},
  pages =   {51:1--51:6},
  month =    {Jun},
  OPTaddress =   {},
  OPTorganization = {},
  OPTpublisher = {},
  OPTnote =    {},
  OPTannote =    {}
}

@InProceedings{SS_Huang:ICCAD17, 
author={Huang, C. Y. and Hsu, C. J. and Wu, C. A. and Khoo, K. Y.}, 
title={ICCAD-2017 CAD {C}ontest in {R}esource-aware {P}atch {G}eneration}, 
booktitle={International Conference on Computer-Aided Design (ICCAD)}, 
year={2017},
OPTcrossref =  {},
OPTkey =   {},
OPTeditor =    {},
OPTvolume =    {},
OPTnumber =    {},
OPTseries =    {}, 
pages={857-862}, 
OPTmonth =   {Nov},
OPTaddress =   {},
OPTorganization = {},
OPTpublisher = {},
OPTnote =    {},
OPTannote =    {}}

@InProceedings{SS_Roland:DAC18, 
author={Zhang, H. T. and Jiang, J. H. R.}, 
title={{C}ost-Aware {P}atch {G}eneration for {M}ulti-Target {F}unction {R}ectification of {E}ngineering {C}hange {O}rders}, 
booktitle={Design Automation Conference (DAC)}, 
year={2018},
OPTcrossref =  {},
OPTkey =   {},
OPTeditor =    {},
OPTvolume =    {},
OPTnumber =    {},
OPTseries =    {}, 
pages={1-6}, 
OPTmonth =   {June},
OPTaddress =   {},
OPTorganization = {},
OPTpublisher = {},
OPTnote =    {},
OPTannote =    {}}

@InProceedings{SS_Goersch:ASPDAC17, 
author={H. {Riener} and R. {Ehlers} and G. {Fey}}, 
title={CEGAR-based EF synthesis of Boolean functions with an application to circuit rectification}, 
booktitle={Asia and South Pacific Design Automation Conference (ASP-DAC)}, 
year={2017},
OPTcrossref =  {},
OPTkey =   {},
OPTeditor =    {},
OPTvolume =    {},
OPTnumber =    {},
OPTseries =    {}, 
pages={251-256}, 
OPTmonth =   {},
OPTaddress =   {},
OPTorganization = {},
OPTpublisher = {},
OPTnote =    {},
OPTannote =    {}}

############################################################
#                     Group thesis
###########################################################
@phdthesis{Utkarsh:PHDThesis,
  author =   {U. Gupta},
  title =    {Rectification of Finite Field Arithmetic
  Circuits with Craig Interpolation using Algebraic Geometry},
  school =   {University of Utah, USA},
  year =   {2020},
  OPTkey =   {},
  OPTtype =    {Ph.D dissertation},
  OPTaddress =   {Utah, USA},
  OPTmonth =   {},
  OPTnote =    {},
  OPTannote =    {}
}

@MastersThesis{Arpitha:MSThesis,
  author =   {A. Srinath},
  title =    {Rectification of Integer Arithmetic Circuits},
  school =   {University of Utah},
  year =   {2019},
  OPTkey =   {},
  OPTtype =    {M.S. thesis},
  OPTaddress =   {Utah, USA},
  OPTmonth =   {},
  OPTnote =    {},
  OPTannote =    {}
}

@MastersThesis{Dirk:BSThesis,
  author =   {D. Lamb},
  title =    {Approximate Multipliers Generated by
  Polynomial based Rectification Techniques},
  school =   {University of Utah},
  year =   {2020},
  OPTkey =   {},
  OPTtype =    {B.S. thesis},
  OPTaddress =   {Utah, USA},
  OPTmonth =   {},
  OPTnote =    {},
  OPTannote =    {}
}

############################################################
## Added for ICCAD 2019 contest                           ##
############################################################
@InProceedings{MF_Roland:ICCAD10,
  author =   {B. H. Wu and C. J. Yang and C. Y. Huang and J. H. R. Jiang},
  title =    {{A Robust Functional ECO Engine by SAT Proof Minimization and Interpolation Techniques}},
  OPTcrossref =  {},
  OPTkey =   {},
  booktitle = {International Conference on Computer-Aided Design (ICCAD)},
  year =   {2010},
  OPTeditor =    {},
  OPTvolume =    {},
  OPTnumber =    {},
  OPTseries =    {},
  pages =    {729-734},
  OPTmonth =   {},
  OPTaddress =   {},
  OPTorganization = {},
  OPTpublisher = {},
  OPTnote =    {},
  OPTannote =    {}
}

@InProceedings{MF_Huang:DAC11,
  author =   {Tang, K. F. and Wu, C. A. and Huang, P. K. and
                  Huang, C. Y.},
  title =    {{I}nterpolation-{B}ased {I}ncremental {ECO}
                  {S}ynthesis for {M}ulti-{E}rror {L}ogic {R}ectification},
  OPTcrossref =  {},
  OPTkey =   {},
  booktitle = {Proc. Design Automation Conf. (DAC)},
  year =   {2011},
  OPTeditor =    {},
  OPTvolume =    {},
  OPTnumber =    {},
  OPTseries =    {},
  pages =    {146-151},
  OPTmonth =   {},
  OPTaddress =   {},
  OPTorganization = {},
  OPTpublisher = {},
  OPTnote =    {},
  OPTannote =    {}
}
//signal-selection
@InProceedings{MF_Huang:DATE12, 
author={Tang, K. F. and Huang, P. K. and Chou, C. N. and Huang, C. Y.}, 
title={{M}ulti-patch {G}eneration for {M}ulti-error {L}ogic {R}ectification by {I}nterpolation with {C}ofactor {R}eduction}, 
booktitle={Design, Automation Test in Europe Conference Exhibition (DATE)}, 
year={2012},
OPTcrossref =  {},
OPTkey =   {},
OPTeditor =    {},
OPTvolume =    {},
OPTnumber =    {},
OPTseries =    {}, 
pages={1567-1572}, 
OPTmonth =   {March},
OPTaddress =   {},
OPTorganization = {},
OPTpublisher = {},
OPTnote =    {},
OPTannote =    {}}

@InProceedings{SYN_Huang:ICCAD19, 
author={Huang, C. Y. and Wu, C. A. and Lee, T. Y. and Hsu, C. J.}, 
title={{ICCAD-2019 CAD {C}ontest in Logic Regression on High Dimensional
Boolean Space}}, 
booktitle={International Conference on Computer-Aided Design (ICCAD)}, 
year={2019},
OPTcrossref =  {},
OPTkey =   {},
OPTeditor =    {},
OPTvolume =    {},
OPTnumber =    {},
OPTseries =    {}, 
pages={}, 
OPTmonth =  {Nov},
OPTaddress =  {},
OPTorganization = {},
OPTpublisher = {},
OPTnote =    {},
OPTannote =    {}}

@Article{PF_Muroga:ITC89,
author = {S. {Muroga} and Y. {Kambayashi} and H. C. {Lai} and J. N. {Culliney}},
title = {The transduction method-design of logic networks based on permissible functions},
journal = {IEEE Transactions on Computers},
year  = {1989},
OPTkey =   {},
OPTvolume =   {38},
OPTnumber =    {10},
OPTpages =    {1404-1424},
OPTmonth =   {},
OPTnote =    {},
OPTannote =    {}
}

@InProceedings{PF_Fujita:DAC90, 
author={H. {Sato} and Y. {Yasue} and Y. {Matsunaga} and M. {Fujita}}, 
title={Boolean resubstitution with permissible functions and binary decision diagrams}, 
booktitle={ACM/IEEE Design Automation Conference},
year={1990},
OPTcrossref =  {},
OPTkey =   {},
OPTeditor =    {},
OPTvolume =    {},
OPTnumber =    {},
OPTseries =    {}, 
pages={284-289}, 
OPTmonth =  {June},
OPTaddress =  {},
OPTorganization = {},
OPTpublisher = {},
OPTnote =    {},
OPTannote =    {}}

@InProceedings{PF_Fujita:IWLS19, 
author={Miyasaka. Y. and  Mishchenko. A. and .Fujita. M.}, 
title={Area efficient BDD package without reordering and its application to logic optimization with permissible functions}, 
booktitle={{I}nternational {W}orkshop on {L}ogic and {S}ynthesis(IWLS)}, 
year={2019},
OPTcrossref =  {},
OPTkey =   {},
OPTeditor =    {},
OPTvolume =    {},
OPTnumber =    {},
OPTseries =    {}, 
pages={}, 
OPTmonth =  {June},
OPTaddress =  {},
OPTorganization = {},
OPTpublisher = {},
OPTnote =    {},
OPTannote =    {}}

@InProceedings{MF_Rolf:ISVLSI18, 
author={Mahzoon, Alireza and GroBe, Daniel and Drechsler, Rolf}, 
title={{C}ombining {S}ymbolic {C}omputer {A}lgebra and {B}oolean {S}atisfiability for {A}utomatic {D}ebugging and {F}ixing of {C}omplex {M}ultipliers}, 
booktitle={The IEEE Symposium on VLSI (ISVLSI)}, 
year={2018},
OPTcrossref =  {},
OPTkey =   {},
OPTeditor =    {},
OPTvolume =    {},
OPTnumber =    {},
OPTseries =    {}, 
pages={351-356}, 
OPTmonth =  {July},
OPTaddress =  {},
OPTorganization = {},
OPTpublisher = {},
OPTnote =    {},
OPTannote =    {}}

@Article{Rucz:2003,
author = {Ruczinski, I. and Kooperberg, C. and LeBlanc, M.},
title = {{L}ogic {R}egression},
journal = {Journal of Computational and Graphical Statistics},
year  = {2003},
OPTkey =   {},
OPTvolume =   {12},
OPTnumber =    {3},
OPTpages =    {475-511},
OPTmonth =   {},
OPTnote =    {},
OPTannote =    {}
}

@InProceedings{Brayton:DAC1990, 
author={Savoj, H. and Brayton, R. K.}, 
title={{The Use of Observability and External Don't Cares for the Simplification of Multi-level Networks}}, 
booktitle={Design Automation Conference (DAC)}, 
year={1990},
OPTcrossref =  {},
OPTkey =   {},
OPTeditor =    {},
OPTvolume =    {},
OPTnumber =    {},
OPTseries =    {}, 
pages={297-301}, 
OPTmonth =   {June},
OPTaddress =   {},
OPTorganization = {},
OPTpublisher = {},
OPTnote =    {},
OPTannote =    {}}

@InProceedings{Alan:DATE2005, 
author={Mischenko, A. and Brayton, R. K.}, 
title={SAT-based {C}omplete {D}on't-care {C}omputation for {N}etwork {O}ptimization}, 
booktitle={Design, Automation Test in Europe Conference Exhibition (DATE)}, 
year={2005},
OPTcrossref =  {},
OPTkey =   {},
OPTeditor =    {},
OPTvolume =    {},
OPTnumber =    {},
OPTseries =    {}, 
pages={1530-1591}, 
OPTmonth =   {March},
OPTaddress =   {},
OPTorganization = {},
OPTpublisher = {},
OPTnote =    {},
OPTannote =    {}}

@Article{Alan:2011DC,
  author =   {Mischenko, A. and Brayton, R. K. and Jiang, J. H. R. and Stephen, J.},
  title =    {{S}calable {D}on'T-care-based {L}ogic {O}ptimization and {R}esynthesis},
  journal =    {ACM Trans. Reconfigurable Technol. Syst.},
  year =   {2011},
  OPTkey =   {},
  OPTvolume =   {4},
  OPTnumber =    {4},
  OPTpages =    {1-23},
  OPTmonth =   {Dec},
  OPTnote =    {},
  OPTannote =    {}
}

##############################################################
# Tools: polybori, zdd, zbdd and singular
##############################################################
@Article{pbori:JSC09,
  author =   {Brickenstein, M. and Dreyer, A.},
  title =    {PolyBoRi: A framework for Gröbner-basis computations with Boolean polynomials},
  journal =    {Journal of Symbolic Computation},
  year =   {2009},
  OPTkey =   {},
  OPTvolume =   {44},
  OPTnumber =    {9},
  OPTpages =    {1326-1345},
  OPTmonth =   {Feb},
  OPTnote =    {Effective Methods in Algebraic Geometry},
  OPTannote =    {}
}

@InProceedings{Minato:DAC93, 
author={Minato, Shin-ichi}, 
title={Zero-suppressed BDDs for Set Manipulation in Combinatorial Problems}, 
booktitle={Design Automation Conference (DAC)}, 
year={1993},
OPTcrossref =  {},
OPTkey =   {},
OPTeditor =    {},
OPTvolume =    {},
OPTnumber =    {},
OPTseries =    {}, 
pages={272-277}, 
OPTmonth =   {},
OPTaddress =   {},
OPTorganization = {},
OPTpublisher = {ACM},
OPTnote =    {},
OPTannote =    {}}

@InProceedings{Minato:DAC94, 
author={Minato, Shin-ichi}, 
title={Calculation of Unate Cube Set Algebra Using Zero-suppressed BDDs}, 
booktitle={Design Automation Conference (DAC)}, 
year={1994},
OPTcrossref =  {},
OPTkey =   {},
OPTeditor =    {},
OPTvolume =    {},
OPTnumber =    {},
OPTseries =    {}, 
pages={420-424}, 
OPTmonth =   {},
OPTaddress =   {},
OPTorganization = {},
OPTpublisher = {ACM},
OPTnote =    {},
OPTannote =    {}}

@Article{Utkarsh:TCAD19,
  author =   {Utkarsh Gupta and Priyank Kalla and Vikas Rao},
  title =    {{Boolean Gröbner Basis Reductions on Finite Field Datapath Circuits Using the Unate Cube Set Algebra}},
  journal =    {IEEE Trans. CAD},
  year =   {2019},
  OPTkey =   {},
  OPTvolume =   {38},
  OPTnumber =   {3},
  OPTpages =    {576-588},
  OPTmonth =    {Mar},
  OPTnote =    {},
  OPTannote =    {}
}

@Misc{Somenzi:CUDD,
  OPTkey =   {},
  author =   {F. Somenzi},
  title =    {{CUDD}: {CU} {D}ecision {D}iagram {P}ackage {R}elease 3.0.0},
  howpublished = {\url{http://vlsi.colorado.edu/\~fabio}},
  OPTmonth =   {},
  year =   {2015},
  note =   {{University of Colorado at Boulder}},
  OPTannote =    {}
}

############################################################
## Debug problem related citations                        ##
############################################################

@Article{fujita:2015,
  author =   {M. Fujita},
  title =    {{T}oward {U}nification of {S}ynthesis and {V}erification in {T}opologically {C}onstrained {L}ogic {D}esign},
  journal =    {Proceedings of the IEEE},
  year =   {2015},
  OPTkey =   {},
  OPTvolume =   {103},
  OPTnumber =    {11},
  OPTpages =    {2052-2060},
  OPTmonth =   {Nov},
  OPTnote =    {},
  OPTannote =    {}
}

@InProceedings{fujita_alan:2014,
  author =       {M. Fujita and A. Mishchenko},
  title =        {{L}ogic {S}ynthesis and {V}erification on {F}ixed {T}opology},
  OPTcrossref =  {},
  OPTkey =       {},
  booktitle = {22nd International Conference on Very Large Scale Integration (VLSI-SoC)},
  OPTpages =     {1-6},
  year =         {2014},
  OPTeditor =    {},
  OPTvolume =    {},
  OPTnumber =    {},
  OPTseries =    {},
  OPTaddress =   {},
  OPTmonth =     {Oct},
  OPTorganization = {},
  OPTpublisher = {},
  OPTnote =      {},
  OPTannote =    {}
}

@InProceedings{fujita:2012,
  author =       {S. Jo and T. Matsumoto and M. Fujita},
  title =        {{SAT}-{B}ased {A}utomatic {R}ectification and {D}ebugging of {C}ombinational {C}ircuits with {LUT} {I}nsertions},
  OPTcrossref =  {},
  OPTkey =       {},
  booktitle = {IEEE 21st Asian Test Symposium},
  OPTpages =     {19-24},
  year =         {2012},
  OPTeditor =    {},
  OPTvolume =    {},
  OPTnumber =    {},
  OPTseries =    {},
  OPTaddress =   {},
  OPTmonth =     {Nov},
  OPTorganization = {},
  OPTpublisher = {},
  OPTnote =      {},
  OPTannote =    {}
}

@InProceedings{rolf:2016,
  author =       {A. Sayed-Ahmed and D. Gro{\ss}e and U. K\"uhne and M. Soeken and R. Drechsler},
  title =        {{F}ormal {v}erification of {I}nteger {M}ultipliers by {C}ombining {G}r\"obner {B}asis with {L}ogic {R}eduction},
  OPTcrossref =  {},
  OPTkey =       {},
  booktitle = {Design, Automation Test in Europe Conference Exhibition},
  OPTpages =     {1048-1053},
  year =         {2016},
  OPTeditor =    {},
  OPTvolume =    {},
  OPTnumber =    {},
  OPTseries =    {},
  OPTaddress =   {},
  OPTmonth =     {March},
  OPTorganization = {},
  OPTpublisher = {},
  OPTnote =      {},
  OPTannote =    {}
}

@InProceedings{abc,
  author =       {Brayton, Robert and Mishchenko, Alan},
  title =        {ABC: {A}n {A}cademic {I}ndustrial-strength {V}erification {T}ool},
  OPTcrossref =  {},
  OPTkey =       {},
  booktitle = {Proceedings of the 22Nd International Conference on Computer Aided Verification},
  OPTpages =     {24-40},
  year =         {2010},
  OPTeditor =    {},
  OPTvolume =    {6174},
  OPTnumber =    {},
  OPTseries =    {},
  OPTaddress =   {},
  OPTmonth =     {},
  OPTorganization = {},
  OPTpublisher = {Springer},
  OPTnote =      {},
  OPTannote =    {}
}

@InProceedings{farimah:2017:1,
  author =       {F. Farahmandi and P. Mishra},
  title =        {{A}utomated {D}ebugging of {A}rithmetic {C}ircuits {U}sing {I}ncremental {G}r\"obner {B}asis {R}eduction},
  OPTcrossref =  {},
  OPTkey =       {},
  booktitle = {IEEE International Conference on Computer Design (ICCD)},
  OPTpages =     {193-200},
  year =         {2017},
  OPTeditor =    {},
  OPTvolume =    {},
  OPTnumber =    {},
  OPTseries =    {},
  OPTaddress =   {},
  OPTmonth =     {Nov},
  OPTorganization = {},
  OPTpublisher = {},
  OPTnote =      {},
  OPTannote =    {}
}

@InProceedings{farimah:2016:1,
  author =       {F. Farahmandi and P. Mishra},
  title =        {{A}utomated {T}est {G}eneration for {D}ebugging {A}rithmetic {C}ircuits},
  OPTcrossref =  {},
  OPTkey =       {},
  booktitle = {Design, Automation Test in Europe Conference Exhibition(DATE)},
  OPTpages =     {1351-1356},
  year =         {2016},
  OPTeditor =    {},
  OPTvolume =    {},
  OPTnumber =    {},
  OPTseries =    {},
  OPTaddress =   {},
  OPTmonth =     {March},
  OPTorganization = {},
  OPTpublisher = {},
  OPTnote =      {},
  OPTannote =    {}
}

@InProceedings{Vkrao:IWLS18,
  author =       {V. Rao and U. Gupta and I. Ilioaea and P. Kalla and F. Enescu},
  title =        {{R}esolving {U}nknown {C}omponents in {A}rithmetic {C}ircuits using {C}omputer {A}lgebra {M}ethods - Poster Presentation},
  OPTcrossref =  {},
  OPTkey =       {},
  booktitle = {{I}nternational {W}orkshop on {L}ogic and {S}ynthesis(IWLS)},
  OPTpages =     {},
  year =         {2018},
  OPTeditor =    {},
  OPTvolume =    {},
  OPTnumber =    {},
  OPTseries =    {},
  OPTaddress =   {},
  OPTmonth =     {June},
  OPTorganization = {},
  OPTpublisher = {},
  OPTnote =      {},
  OPTannote =    {}
}

@InProceedings{Vkrao:FMCAD18,
  author =       {V. Rao and U. Gupta A. Srinath and I. Ilioaea and P. Kalla and F. Enescu},
  title =        {{P}ost-{V}erification {D}ebugging and {R}ectification of {F}inite {F}ield {A}rithmetic {C}ircuits using {C}omputer {A}lgebra {T}echniques},
  OPTcrossref =  {},
  OPTkey =       {},
  booktitle = {{F}ormal {M}ethods in {C}omputer-{A}ided {D}esign(FMCAD)},
  OPTpages =     {},
  year =         {2018},
  OPTeditor =    {},
  OPTvolume =    {},
  OPTnumber =    {},
  OPTseries =    {},
  OPTaddress =   {},
  OPTmonth =     {Nov},
  OPTorganization = {},
  OPTpublisher = {},
  OPTnote =      {},
  OPTannote =    {}
}

@Article{maciej:2017,
  author =   {C. Yu and X. Zhang and D. Liu and M. Ciesielski and D. Holcomb},
  title =    {{I}ncremental {SAT}-{B}ased {R}everse {E}ngineering of {C}amouflaged {L}ogic {C}ircuits},
  journal =    {IEEE Transactions on Computer-Aided Design of Integrated Circuits and Systems},
  year =   {2017},
  OPTkey =   {},
  OPTvolume =   {36},
  OPTnumber =    {10},
  OPTpages =    {1647-1659},
  OPTmonth =   {Oct},
  OPTnote =    {},
  OPTannote =    {}
}

@InProceedings{maciej:2016:1,
  author =       {C. Yu and W. Brown and D. Liu and A. Rossi and M. Ciesielski},
  title =        {{F}ormal {V}erification of {A}rithmetic {C}ircuits by {F}unction {E}xtraction},
  OPTcrossref =  {},
  OPTkey =       {},
  booktitle = {IEEE Transactions on Computer-Aided Design of Integrated Circuits and System},
  OPTpages =     {2131-2142},
  year =         {2016},
  OPTeditor =    {},
  OPTvolume =    {35},
  OPTnumber =    {12},
  OPTseries =    {},
  OPTaddress =   {},
  OPTmonth =     {Dec},
  OPTorganization = {},
  OPTpublisher = {},
  OPTnote =      {},
  OPTannote =    {}
}

@InProceedings{maciej:2015:1,
  author =       {Ciesielski, Maciej and Yu, Cunxi and Brown, Walter and Liu, Duo and Rossi, Andr{\'e}},
  title =        {{V}erification of {G}ate-level {A}rithmetic {C}ircuits by {F}unction {E}xtraction},
  OPTcrossref =  {},
  OPTkey =       {},
  booktitle = {Proceedings of the 52Nd Annual Design Automation Conference},
  OPTpages =     {1-6},
  year =         {2015},
  OPTeditor =    {},
  OPTvolume =    {},
  OPTnumber =    {},
  OPTseries =    {},
  OPTaddress =   {},
  OPTmonth =     {June},
  OPTorganization = {},
  OPTpublisher = {ACM},
  OPTnote =      {},
  OPTannote =    {}
}

@InProceedings{maciej:2015:2,
  author =       {S. Ghandali and C. Yu and D. Liu and W. Brown and M. Ciesielski},
  title =        {{L}ogic {D}ebugging of {A}rithmetic {C}ircuits},
  OPTcrossref =  {},
  OPTkey =       {},
  booktitle = {IEEE Computer Society Annual Symposium on VLSI},
  OPTpages =     {113-118},
  year =         {2015},
  OPTeditor =    {},
  OPTvolume =    {},
  OPTnumber =    {},
  OPTseries =    {},
  OPTaddress =   {},
  OPTmonth =     {July},
  OPTorganization = {},
  OPTpublisher = {},
  OPTnote =      {},
  OPTannote =    {}
}

@InProceedings{maciej:2014,
  author =   {M. Ciesielski and W. Brown and D. Liu and A. Rossi},
  title =    {{F}unction {E}xtraction from {A}rithmetic {B}it-level {C}ircuits},
  OPTcrossref =  {},
  OPTkey =   {},
  booktitle = {IEEE Computer Society Annual Symposium on VLSI},
  year =   {2014},
  OPTeditor =    {},
  OPTvolume =    {},
  OPTnumber =    {},
  OPTseries =    {},
  OPTpages =   {356-361},
  OPTmonth =   {July},
  OPTaddress =   {},
  OPTorganization = {},
  OPTpublisher = {},
  OPTnote =    {},
  OPTannote =    {}
}

@InProceedings{maciej:2018,
  author =   {Tiankai Su and Atif Yasin and Cunxi Yu and Maciej Ciesielski},
  title =    {{C}omputer {A}lgebraic {A}pproach to {V}erification and {D}ebugging of {G}alois {F}ield {M}ultipliers},
  OPTcrossref =  {},
  OPTkey =   {},
  booktitle = {IEEE International Symposium on Circuits and System},
  year =   {2018},
  OPTeditor =    {},
  OPTvolume =    {},
  OPTnumber =    {},
  OPTseries =    {},
  OPTpages =   {},
  OPTmonth =   {May},
  OPTaddress =   {},
  OPTorganization = {},
  OPTpublisher = {},
  OPTnote =    {},
  OPTannote =    {}
}

@InProceedings{scholl:2,
  author =       {K. Gitina and S. Reimer and M. Sauer and R. Wimmer and C. Scholl and B. Becker},
  title =        {{E}quivalence {C}hecking of {P}artial {D}esigns {U}sing {D}ependency {Q}uantified {B}oolean {F}ormulae},
  OPTcrossref =  {},
  OPTkey =       {},
  booktitle = {IEEE International Conference on Computer Design (ICCD)},
  OPTpages =     {396-403},
  year =         {2013},
  OPTeditor =    {},
  OPTvolume =    {},
  OPTnumber =    {},
  OPTseries =    {},
  OPTaddress =   {},
  OPTmonth =     {Oct},
  OPTorganization = {},
  OPTpublisher = {},
  OPTnote =      {},
  OPTannote =    {}
}

@InProceedings{scholl:1,
  author =       {C. Scholl and B. Becker},
  title =        {{C}hecking {E}quivalence for {P}artial {I}mplementations},
  OPTcrossref =  {},
  OPTkey =       {},
  booktitle = {Design Automation Conference (DAC)},
  OPTpages =     {238-243},
  year =         {2001},
  OPTeditor =    {},
  OPTvolume =    {},
  OPTnumber =    {},
  OPTseries =    {},
  OPTaddress =   {},
  OPTmonth =     {June},
  OPTorganization = {},
  OPTpublisher = {},
  OPTnote =      {},
  OPTannote =    {}
}

@InProceedings{andreas:2012,
  author =       {B. Keng and A. Veneris},
  title =        {{P}ath {D}irected {A}bstraction and {R}efinement in {SAT}-{B}ased {D}esign {D}ebugging},
  OPTcrossref =  {},
  OPTkey =       {},
  booktitle = {Design Automation Conference},
  OPTpages =     {947-954},
  year =         {2012},
  OPTeditor =    {},
  OPTvolume =    {},
  OPTnumber =    {},
  OPTseries =    {},
  OPTaddress =   {},
  OPTmonth =     {June},
  OPTorganization = {},
  OPTpublisher = {},
  OPTnote =      {},
  OPTannote =    {}
}

@Article{andreas:2010,
  author =   {H. Mangassarian and A. Veneris and M. Benedetti},
  title =    {{R}obust QBF {E}ncodings for {S}equential {C}ircuits with {A}pplications to {V}erification, {D}ebug, and {T}est},
  journal =    {IEEE Transactions on Computerss},
  year =   {2010},
  OPTkey =   {},
  OPTvolume =   {59},
  OPTnumber =    {7},
  OPTpages =    {981-994},
  OPTmonth =   {July},
  OPTnote =    {},
  OPTannote =    {}
}

@Article{andreas:2009,
  author =   {S. Safarpour and A. Veneris},
  title =    {{A}utomated {D}esign {D}ebugging {W}ith {A}bstraction and {R}efinement},
  journal =    {IEEE Transactions on Computer-Aided Design of Integrated Circuits and Systems},
  year =   {2009},
  OPTkey =   {},
  OPTvolume =   {28},
  OPTnumber =    {10},
  OPTpages =    {1597-1608},
  OPTmonth =   {Oct},
  OPTnote =    {},
  OPTannote =    {}
}

@Article{andreas:2005,
  author =   {A. Smith and A. Veneris and M. F. Ali and A. Viglas},
  title =    {{F}ault {D}iagnosis and {L}ogic {D}ebugging using {B}oolean {S}atisfiability},
  journal =    {IEEE Transactions on Computer-Aided Design of Integrated Circuits and Systems},
  year =   {2005},
  OPTkey =   {},
  OPTvolume =   {24},
  OPTnumber =    {10},
  OPTpages =    {1606-1621},
  OPTmonth =   {Oct},
  OPTnote =    {},
  OPTannote =    {}
}

@InProceedings{goerschwin:2016,
  author =       {Riener, Heinz and Fey, Goerschwin},
  title =        {{E}xact {D}iagnosis {U}sing {B}oolean {S}atisfiability},
  OPTcrossref =  {},
  OPTkey =       {},
  booktitle = {Proceedings of the 35th International Conference on Computer-Aided Design},
  OPTpages =     {1-8},
  year =         {2016},
  OPTeditor =    {},
  OPTvolume =    {53},
  OPTnumber =    {},
  OPTseries =    {},
  OPTaddress =   {},
  OPTmonth =     {},
  OPTorganization = {},
  OPTpublisher = {ACM},
  OPTnote =      {},
  OPTannote =    {}
}

@InProceedings{goerschwin:2008,
  author =       {Suelflow, Andre and Fey, Goerschwin and Bloem, Roderick and Drechsler, Rolf},
  title =        {{U}sing {U}nsatisfiable {C}ores to {D}ebug {M}ultiple {D}esign {E}rrors},
  OPTcrossref =  {},
  OPTkey =       {},
  booktitle = {Proceedings of the 18th ACM Great Lakes Symposium on VLSI},
  OPTpages =     {77-82},
  year =         {2008},
  OPTeditor =    {},
  OPTvolume =    {},
  OPTnumber =    {},
  OPTseries =    {},
  OPTaddress =   {},
  OPTmonth =     {},
  OPTorganization = {},
  OPTpublisher = {ACM},
  OPTnote =      {},
  OPTannote =    {}
}

@InProceedings{oracle:2016,
  author =       {D. Liu and C. Yu and X. Zhang and D. Holcomb},
  title =        {{O}racle-guided {I}ncremental SAT {S}olving to {R}everse {E}ngineer {C}amouflaged {L}ogic {C}ircuits},
  OPTcrossref =  {},
  OPTkey =       {},
  booktitle = {Design, Automation Test in Europe Conference Exhibition (DATE)},
  OPTpages =     {433-438},
  year =         {2016},
  OPTeditor =    {},
  OPTvolume =    {},
  OPTnumber =    {},
  OPTseries =    {},
  OPTaddress =   {},
  OPTmonth =     {March},
  OPTorganization = {},
  OPTpublisher = {},
  OPTnote =      {},
  OPTannote =    {}
}

@InProceedings{lv,
  author =       {J. Lv and P. Kalla and F. Enescu},
  title =        {{E}fficient {G}r\"obner {B}asis {R}eductions for {F}ormal {V}erification of {G}alois {F}ield {M}ultipliers},
  OPTcrossref =  {},
  OPTkey =       {},
  booktitle = {Design, Automation Test in Europe Conference Exhibition (DATE)},
  OPTpages =     {899-904},
  year =         {2012},
  OPTeditor =    {},
  OPTvolume =    {},
  OPTnumber =    {},
  OPTseries =    {},
  OPTaddress =   {},
  OPTmonth =     {March},
  OPTorganization = {},
  OPTpublisher = {},
  OPTnote =      {},
  OPTannote =    {}
}

@InProceedings{lv:tcad2013,
  author =   {Lv, J. and Kalla, P. and Enescu, F.},
  title =    {{E}fficient {G}r\"obner {B}asis {R}eductions for
                  {F}ormal {V}erification of {G}alois {F}ield
                  {A}rithmetic {C}ircuits},  
  OPTcrossref =  {},
  OPTkey =   {},
  booktitle = {IEEE Trans. on CAD},
  pages =    {1409-1420},
  year =   {2013},
  OPTeditor =    {},
  volume =   {32},
  number =   {9},
  OPTseries =    {},
  OPTaddress =   {},
  OPTmonth =   {},
  OPTorganization = {},
  OPTpublisher = {},
  OPTnote =    {},
  OPTannote =    {}
}


@InProceedings{tim:DAC14,
  author =       {T. Pruss and P. Kalla and F. Enescu},
  title =        {{E}quivalence {V}erification of {L}arge {G}alois {F}ield {A}rithmetic {C}ircuits using {W}ord-level {A}bstraction via {G}r\"obner {B}ases},
  OPTcrossref =  {},
  OPTkey =       {},
  booktitle = {Design Automation Conference (DAC), 51st ACM/EDAC/IEEE},
  OPTpages =     {1-6},
  year =         {2014},
  OPTeditor =    {},
  OPTvolume =    {},
  OPTnumber =    {},
  OPTseries =    {},
  OPTaddress =   {},
  OPTmonth =     {June},
  OPTorganization = {},
  OPTpublisher = {},
  OPTnote =      {},
  OPTannote =    {}
}

@Article{picosat,
  author =   {Armin Biere},
  title =    {{P}icosat {E}ssentials},
  journal =    {Journal on Satisfiability, Boolean Modeling and Computation (JSAT)},
  year =   {2008},
  OPTkey =   {},
  OPTvolume =   {},
  OPTnumber =   {},
  OPTpages =    {},
  OPTmonth =    {},
  OPTnote =    {},
  OPTannote =    {}
}

@Article{Pruss:TCAD16,
  author =   {Pruss, T. and Kalla, P. and Enescu, F.},
  title =    {{E}fficient {S}ymbolic {C}omputation for {W}ord-{L}evel {A}bstraction from {C}ombinational {C}ircuits for {V}erification over {F}inite {F}ields},
  journal =    {IEEE Trans. on CAD},
  year =   {2016},
  OPTkey =   {},
  OPTvolume =   {35},
  OPTnumber =   {7},
  OPTpages =    {1206-1218},
  OPTmonth =    {July},
  OPTnote =    {},
  OPTannote =    {}
}

@Misc{Pruss:tool,
  OPTkey =   {Word-Level Abstraction Tool for Formal Verification},
  author =   {Pruss, T. and Kalla, P.},
  title =    {{W}ord-Level {A}bstraction {T}ool for {F}ormal {V}erification},
  howpublished = {[online] available at \url{http://www.ece.utah.edu/~pruss/abstract.html}},
  OPTmonth =   {},
  OPTyear =    {},
  OPTnote =    {},
  OPTannote =    {}
}

@InProceedings{kalla:fmcad_tut2015,
  author =   {Kalla, P.},
  title =    {{F}ormal {V}erification of {A}rithmetic {D}atapaths using {A}lgebraic {G}eometry and {S}ymbolic {C}omputation},
  OPTcrossref =  {},
  OPTkey =   {},
  booktitle = {Proc. FMCAD},
  year =   {2015},
  OPTeditor =    {},
  OPTvolume =    {},
  OPTnumber =    {},
  OPTseries =    {},
  OPTpages =    {2},
  OPTmonth =   {},
  OPTaddress =   {},
  OPTorganization = {},
  OPTpublisher = {},
  OPTnote =   {Slides available online \url{http://www.cs.utexas.edu/users/hunt/FMCAD/FMCAD15/slides/fmcad15-tutorial-kalla.pdf}},  
  OPTannote =    {}
}

@Article{shekhar:tcad07,
  author =   {Shekhar, N. and Kalla, P. and Enescu, F},
  title =    {{E}quivalence {V}erification of {P}olynomial {D}atapaths using {I}deal {M}embership {T}esting},
  journal =    {IEEE Transactions on CAD},
  year =   {2007},
  OPTkey =   {},
  OPTvolume =   {26},
  OPTnumber =   {7},
  OPTpages =    {1320-1330},
  OPTmonth =    {July},
  OPTnote =    {},
  OPTannote =    {}
}

@InProceedings{alanmi:2006,
  author =   {Mishchenko, A. and Chatterjee, S. and Brayton, R. and Een, N.},
  title =    {Improvements to {C}ombinational {E}quivalence {C}hecking},
  OPTcrossref =  {},
  OPTkey =   {},
  booktitle = {Proc. Intl. Conf. on CAD (ICCAD)},
  pages =    {836-843},
  year =   {2006},
  OPTeditor =    {},
  OPTvolume =    {},
  OPTnumber =    {},
  OPTseries =    {},
  OPTaddress =   {},
  OPTmonth =   {},
  OPTorganization = {},
  OPTpublisher = {},
  OPTnote =    {},
  OPTannote =    {}
}

@Article{bryant:1,
  author =   {Bryant, R. E.},
  title =    {{G}raph {B}ased {A}lgorithms for {B}oolean {F}unction {M}anipulation},
  journal =    {IEEE Trans. on Comp.},
  year =   {1986},
  OPTkey =   {},
  volume =   {C-35},
  OPTnumber =    {},
  pages =    {677-691},
  OPTmonth =   {August},
  OPTnote =    {},
  OPTannote =    {}
}

@Book{gb_book,
  author =   {Adams, W. W. and Loustaunau, P.},
  OPTALTeditor =   {},
  title =    {{A}n {I}ntroduction to {G}r\"obner {B}ases}, 
  publisher =    {American Mathematical Society},
  year =   {1994},
  OPTkey =   {},
  OPTvolume =    {},
  OPTnumber =    {},
  OPTseries =    {},
  OPTaddress =   {},
  OPTedition =   {},
  OPTmonth =   {},
  OPTnote =    {},
  OPTannote =    {}
}

@Book{ideals:book,
  author =   {Cox, D. and Little, J. and O'Shea, D.},
  ALTeditor =    {},
  title =    {{I}deals, {V}arieties, and {A}lgorithms: {A}n {I}ntroduction to {C}omputational {A}lgebraic {G}eometry and {C}ommutative {A}lgebra}, 
  publisher =    {Springer},
  year =   {2007},
  OPTkey =   {},
  OPTvolume =    {},
  OPTnumber =    {},
  OPTseries =    {},
  OPTaddress =   {New York, USA},
  OPTedition =   {},
  OPTmonth =   {},
  OPTnote =    {},
  OPTannote =    {}
}

@MastersThesis{gao:gf-gb-ms,
  author =   {Gao, S.},
  title =    {Counting {Z}eros over {F}inite {F}ields with {G}r\"{o}bner {B}ases},
  school =   {Carnegie Mellon University},
  year =   {2009},
  OPTkey =   {},
  OPTtype =    {},
  OPTaddress =   {},
  OPTmonth =   {},
  OPTnote =    {},
  OPTannote =    {}
}

@Article {DGPS,
 title = {{\sc Singular} {4-1-0} --- {A} computer algebra system for polynomial computations},
 year = {2016},
 author = {Decker, Wolfram and Greuel, Gert-Martin and Pfister, Gerhard and Sch\"onemann, Hans},
 howpublished = {\url{http://www.singular.uni-kl.de}},
}

@Misc{DGPS_410,
  OPTkey =   {},
  author =    {Decker, Wolfram and Greuel, Gert-Martin and Pfister, Gerhard and Sch\"onemann, Hans},
  title =   {{\sc Singular} {4-1-0} --- {A} computer algebra system for polynomial computations},
  howpublished = {\url{http://www.singular.uni-kl.de}},
  OPTmonth =   {},
  year =    {2016},
  OPTnote =    {},
  OPTannote =    {}
}


@Article{Buchberger:1976,
  author =   {Buchberger, B.},
  title =    {{A} {T}heoretical {B}asis for the {R}eduction of {P}olynomials to {C}anonical {F}orms},
  journal =    {SIGSAM Bull.},
  year =   {1976},
  OPTkey =   {},
  OPTvolume =   {10},
  OPTnumber =   {3},
  OPTpages =    {19-29},
  OPTmonth =    {Aug},
  OPTnote =    {},
  OPTannote =    {}
}

@Article{acar:1998,
  author =   {Koc, C. and Acar, T.},
  title =    {{M}ontgomery {M}ultiplication in {GF}($2^k$)},
  journal =    {Designs, Codes and Cryptography},
  year =   {1998},
  OPTkey =    {},
  OPTvolume =   {14},
  OPTnumber =   {1},
  OPTpages =    {57-69},
  OPTmonth =    {Apr.},
  OPTnote =   {},
  OPTannote =   {}
}

@Article{wu:2002,
  author =   {Wu, H.},
  title =    {{M}ontgomery {M}ultiplier and {S}quarer for a {C}lass of {F}inite {F}ields},
  journal =    {IEEE Transactions On Computers},
  year =   {2002},
  OPTkey =    {},
  OPTvolume =   {51},
  OPTnumber =   {5},
  OPTpages =    {},
  OPTmonth =    {May},
  OPTnote =   {},
  OPTannote =   {}
}

@InProceedings{xiaojun:cp2016,
  author =   {Sun, X. and Ilioaea, I. and Kalla, P. and Enescu, F.},
  title =    {{F}inding {U}nsatisfiable {C}ores of a {S}et of {P}olynomials using the {G}r\"obner {B}asis {A}lgorithm},
  OPTcrossref =  {},
  OPTkey =   {},
  booktitle = {Intl. Conf. Principles and Practice of Constraint Programming},
  year =   {2016},
  OPTeditor =    {},
  OPTvolume =   {9892},
  OPTnumber =    {},
  OPTseries =   {LNCS},
  OPTpages =    {859-875},
  OPTmonth =    {Sept},
  OPTaddress =   {},
  OPTorganization = {},
  OPTpublisher = {},
  OPTnote =    {},
  OPTannote =    {}
}

@InProceedings{knezevic:2008,
 author = {Kne\v{z}evi\'{c}, M. and Sakiyama, K. and Fan, J. and Verbauwhede, I.},
 title = {{M}odular {R}eduction in {GF}($2^n$) {W}ithout {P}re-{C}omputational {P}hase},
 booktitle = {Proceedings of the International Workshop on Arithmetic of Finite Fields},
 year = {2008},
 OPTpages = {77-87}
}

@Misc{farimah_cex,
  OPTkey =   {},
  author =    {Rao, Vikas},
  title =   {},
  howpublished = {\url{http://eng.utah.edu/~utkarshg/cex.pdf},},
  OPTmonth =   {},
  year =    {2018},
  OPTnote =    {},
  OPTannote =    {}
}

@Article{mastro:1989,
  author =   {E. Mastrovito},
  title =    {{VLSI} {D}esigns for {M}ultiplication {O}ver {F}inite {F}ields {GF($2^m$)}},
  journal =    {Lecture Notes in CS},
  year =   {1989},
  key =    {},
  volume =   {357},
  number =   {},
  pages =    {297-309},
  month =    {},
  note =   {},
  annote =   {}
}

@Inproceedings{Barrett:1987,
  author =   {Barrett, P.},
  title =    {{I}mplementing the {R}ivest {S}hamir and {A}dleman {P}ublic {K}ey {E}ncryption {A}lgorithm on a {S}tandard {D}igital {S}ignal {P}rocessor},
  OPTcrossref =  {},
  OPTkey =   {},
  booktitle = {Proceedings of Advances In Cryptology},
  year =   {1987},
  OPTeditor =    {},
  OPTvolume =   {},
  OPTnumber =    {},
  OPTseries =   {},
  OPTpages =    {311-323},
  OPTmonth =    {},
  OPTaddress =   {},
  OPTorganization = {},
  OPTpublisher = {Springer-Verlag},
  OPTnote =    {},
  OPTannote =    {}
} 


//Qualifying exam citations
//Q1


@Inproceedings{q1:multimed,
  author =   {M. A. {Breuer}},
  title =    {Multi-media applications and imprecise computation},
  OPTcrossref =  {},
  OPTkey =   {},
  booktitle = {Euromicro Conference on Digital System Design},
  year =   {2005},
  OPTeditor =    {},
  OPTvolume =   {},
  OPTnumber =    {},
  OPTseries =   {},
  OPTpages =    {2-7},
  OPTmonth =    {Aug},
  OPTaddress =   {},
  OPTorganization = {},
  OPTpublisher = {},
  OPTnote =    {},
  OPTannote =    {}
}

@Inproceedings{q1:macaco,
  author =   {R. {Venkatesan} and A. {Agarwal} and K. {Roy} and A. {Raghunathan}},
  title =    {MACACO: Modeling and analysis of circuits for approximate computing},
  OPTcrossref =  {},
  OPTkey =   {},
  booktitle = {IEEE/ACM International Conference on Computer-Aided Design (ICCAD)},
  year =   {2011},
  OPTeditor =    {},
  OPTvolume =   {},
  OPTnumber =    {},
  OPTseries =   {},
  OPTpages =    {667-673},
  OPTmonth =    {Nov},
  OPTaddress =   {},
  OPTorganization = {},
  OPTpublisher = {},
  OPTnote =    {},
  OPTannote =    {}
}

@Inproceedings{q1:salsa,
  author =   {S. {Venkataramani} and A. {Sabne} and V. {Kozhikkottu} and K. {Roy} and A. {Raghunathan}.},
  title =    {SALSA: Systematic logic synthesis of approximate circuits},
  OPTcrossref =  {},
  OPTkey =   {},
  booktitle = {Design Automation Conference},
  year =   {2012},
  OPTeditor =    {},
  OPTvolume =   {},
  OPTnumber =    {},
  OPTseries =   {},
  OPTpages =    {796-801},
  OPTmonth =    {June},
  OPTaddress =   {},
  OPTorganization = {},
  OPTpublisher = {},
  OPTnote =    {},
  OPTannote =    {}
} 

@Inproceedings{q1:orshansky13,
  author =   {J. {Miao} and A. {Gerstlauer} and M. {Orshansky}},
  title =    {Approximate Logic Synthesis under General Error Magnitude and Frequency Constraints},
  OPTcrossref =  {},
  OPTkey =   {},
  booktitle = {IEEE/ACM International Conference on Computer-Aided Design (ICCAD)},
  year =   {2013},
  OPTeditor =    {},
  OPTvolume =   {},
  OPTnumber =    {},
  OPTseries =   {},
  OPTpages =    {779-786},
  OPTmonth =    {Nov},
  OPTaddress =   {},
  OPTorganization = {},
  OPTpublisher = {},
  OPTnote =    {},
  OPTannote =    {}
} 

@Inproceedings{q1:subsim,
  author =   {S. {Venkataramani} and K. {Roy} and A. {Raghunathan}},
  title =    {Substitute-and-simplify: A unified design paradigm for approximate and quality configurable circuit},
  OPTcrossref =  {},
  OPTkey =   {},
  booktitle = {Design, Automation Test in Europe Conference Exhibition (DATE)},
  year =   {2013},
  OPTeditor =    {},
  OPTvolume =   {},
  OPTnumber =    {},
  OPTseries =   {},
  OPTpages =    {1367-1372},
  OPTmonth =    {March},
  OPTaddress =   {},
  OPTorganization = {},
  OPTpublisher = {},
  OPTnote =    {},
  OPTannote =    {}
}

@Inproceedings{q1:orshansky14,
  author =   {J. {Miao} and A. {Gerstlauer} and M. {Orshansky}},
  title =    {Multi-level approximate logic synthesis under general error constraints},
  OPTcrossref =  {},
  OPTkey =   {},
  booktitle = {IEEE/ACM International Conference on Computer-Aided Design (ICCAD)},
  year =   {2014},
  OPTeditor =    {},
  OPTvolume =   {},
  OPTnumber =    {},
  OPTseries =   {},
  OPTpages =    {504-510},
  OPTmonth =    {Nov},
  OPTaddress =   {},
  OPTorganization = {},
  OPTpublisher = {},
  OPTnote =    {},
  OPTannote =    {}
} 

@Inproceedings{q1:abacus,
  author =   {K. {Nepal} and Y. {Li} and R. I. {Bahar} and S. {Reda}},
  title =    {ABACUS: A technique for automated behavioral synthesis of approximate computing circuits},
  OPTcrossref =  {},
  OPTkey =   {},
  booktitle = {Design, Automation Test in Europe Conference Exhibition (DATE)},
  year =   {2014},
  OPTeditor =    {},
  OPTvolume =   {},
  OPTnumber =    {},
  OPTseries =   {},
  OPTpages =    {1-6},
  OPTmonth =    {March},
  OPTaddress =   {},
  OPTorganization = {},
  OPTpublisher = {},
  OPTnote =    {},
  OPTannote =    {}
}

@Inproceedings{q1:prec_model,
  author =   {A. {Chandrasekharan} and M. {Soeken} and D. {Große} and R. {Drechsler}},
  title =    {Precise error determination of approximated components in sequential circuits with model checking},
  OPTcrossref =  {},
  OPTkey =   {},
  booktitle = {ACM/EDAC/IEEE Design Automation Conference (DAC)},
  year =   {2016},
  OPTeditor =    {},
  OPTvolume =   {},
  OPTnumber =    {},
  OPTseries =   {},
  OPTpages =    {1-6},
  OPTmonth =    {June},
  OPTaddress =   {},
  OPTorganization = {},
  OPTpublisher = {},
  OPTnote =    {},
  OPTannote =    {}
}

@Inproceedings{q1:appLSerror,
  author =   {Y. {Wu} and W. {Qian}},
  title =    {An efficient method for multi-level approximate logic synthesis under error rate constraint},
  OPTcrossref =  {},
  OPTkey =   {},
  booktitle = {ACM/EDAC/IEEE Design Automation Conference (DAC)},
  year =   {2016},
  OPTeditor =    {},
  OPTvolume =   {},
  OPTnumber =    {},
  OPTseries =   {},
  OPTpages =    {1-6},
  OPTmonth =    {June},
  OPTaddress =   {},
  OPTorganization = {},
  OPTpublisher = {},
  OPTnote =    {},
  OPTannote =    {}
}

@Inproceedings{q1:appbdd,
  author =   {M. {Soeken} and D. {Große} and A. {Chandrasekharan} and R. {Drechsler}},
  title =    {BDD minimization for approximate computing},
  OPTcrossref =  {},
  OPTkey =   {},
  booktitle = {Asia and South Pacific Design Automation Conference (ASP-DAC)},
  year =   {2016},
  OPTeditor =    {},
  OPTvolume =   {},
  OPTnumber =    {},
  OPTseries =   {},
  OPTpages =    {474-479},
  OPTmonth =    {Jan},
  OPTaddress =   {},
  OPTorganization = {},
  OPTpublisher = {},
  OPTnote =    {},
  OPTannote =    {}
}

@Inproceedings{q1:dct,
  author =   {Z. {Vasicek} and V. {Mrazek} and L. S. {Brno}},
  title =    {Towards low power approximate DCT architecture for HEVC standard},
  OPTcrossref =  {},
  OPTkey =   {},
  booktitle = {Design, Automation Test in Europe Conference Exhibition (DATE)},
  year =   {2017},
  OPTeditor =    {},
  OPTvolume =   {},
  OPTnumber =    {},
  OPTseries =   {},
  OPTpages =    {1576-1581},
  OPTmonth =    {March},
  OPTaddress =   {},
  OPTorganization = {},
  OPTpublisher = {},
  OPTnote =    {},
  OPTannote =    {}
}

@Inproceedings{q1:adac18,
  author =   {{\v{C}}e{\v{s}}ka, Milan
and Maty{\'a}{\v{s}}, Ji{\v{r}}{\'i}
and Mrazek, Vojtech
and Sekanina, Lukas
and Vasicek, Zdenek
and Vojnar, Tom{\'a}{\v{s}}},
  title =    {ADAC: Automated Design of Approximate Circuits},
  OPTcrossref =  {},
  OPTkey =   {},
  booktitle = {Computer Aided Verification},
  year =   {2018},
  OPTeditor =    {},
  OPTvolume =   {},
  OPTnumber =    {},
  OPTseries =   {},
  OPTpages =    {612-620},
  OPTmonth =    {Nov},
  OPTaddress =   {},
  OPTorganization = {},
  OPTpublisher = {},
  OPTnote =    {},
  OPTannote =    {}
}

@Article{q2:puf,
  author =   {Jin, Chenglu and Herder, Charles and Ren, Ling and Ha Nguyen, Phuong and Fuller, Benjamin and Devadas, Srinivas and van Dijk, Marten},
  title =    {FPGA Implementation of a Cryptographically-Secure PUF Based on Learning Parity with Noise},
  journal =    {Cryptography},
  year =   {2017},
  OPTkey =    {},
  OPTvolume =   {1},
  OPTnumber =   {5},
  OPTpages =    {23},
  OPTmonth =    {Dec},
  OPTnote =   {},
  OPTannote =   {}
}

//Q2
@Inproceedings{q2:pcmos,
  author =   {Suresh Cheemalavagu and Pinar Korkmaz and Krishna V. Palem and Bilge E. S. Akgul and Lakshmi N. Chakrapani},
  title =    {A probabilistic CMOS switch and its realization by exploiting noise},
  OPTcrossref =  {},
  OPTkey =   {},
  booktitle = {Proceedings of the IFIP international},
  year =   {2005},
  OPTeditor =    {},
  OPTvolume =   {},
  OPTnumber =    {},
  OPTseries =   {},
  OPTpages =    {},
  OPTmonth =    {},
  OPTaddress =   {},
  OPTorganization = {},
  OPTpublisher = {},
  OPTnote =    {},
  OPTannote =    {}
}

@Inproceedings{q2:pasp,
  author =   {George, J. and Marr, B. and Akgul, B. E. S. and Palem, K. V.},
  title =    {Probabilistic Arithmetic and Energy Efficient Embedded Signal Processing},
  OPTcrossref =  {},
  OPTkey =   {},
  booktitle = {International Conference on Compilers, Architecture and Synthesis for Embedded Systems},
  year =   {2006},
  OPTeditor =    {},
  OPTvolume =   {},
  OPTnumber =    {},
  OPTseries =   {},
  OPTpages =    {158-168},
  OPTmonth =    {},
  OPTaddress =   {},
  OPTorganization = {},
  OPTpublisher = {ACM},
  OPTnote =    {},
  OPTannote =    {}
}

@Article{q2:psoc,
  author =   {Chakrapani, Lakshmi N. and Korkmaz, Pinar and Akgul, Bilge E. S. and Palem, Krishna V.},
  title =    {Probabilistic System-on-a-chip Architectures},
  journal =    {ACM Trans. Des. Autom. Electron. Syst.},
  year =   {2008},
  OPTkey =    {},
  OPTvolume =   {12},
  OPTnumber =   {3},
  OPTpages =    {1-28},
  OPTmonth =    {May},
  OPTnote =   {},
  OPTannote =   {}
}

@Inproceedings{q2:promul,
  author =   {Lau, Mark S.K. and Ling, Keck-Voon and Chu, Yun-Chung},
  title =    {Energy-aware Probabilistic Multiplier: Design and Analysis},
  OPTcrossref =  {},
  OPTkey =   {},
  booktitle = {International Conference on Compilers, Architecture, and Synthesis for Embedded Systems},
  year =   {2009},
  OPTeditor =    {},
  OPTvolume =   {},
  OPTnumber =    {},
  OPTseries =   {},
  OPTpages =    {281-290},
  OPTmonth =    {},
  OPTaddress =   {},
  OPTorganization = {},
  OPTpublisher = {},
  OPTnote =    {},
  OPTannote =    {}
}


@Inproceedings{q2:undermult,
  author =   {P. {Kulkarni} and P. {Gupta} and M. {Ercegovac}},
  title =    {Trading Accuracy for Power with an Underdesigned Multiplier Architecture},
  OPTcrossref =  {},
  OPTkey =   {},
  booktitle = {Internatioal Conference on VLSI Design},
  year =   {2011},
  OPTeditor =    {},
  OPTvolume =   {},
  OPTnumber =    {},
  OPTseries =   {},
  OPTpages =    {346-351},
  OPTmonth =    {Jan},
  OPTaddress =   {},
  OPTorganization = {},
  OPTpublisher = {},
  OPTnote =    {},
  OPTannote =    {}
}

@Inproceedings{q2:approxorshansky13,
  author =   {J. {Han} and M. {Orshansky}},
  title =    {Approximate computing: An emerging paradigm for energy-efficient design},
  OPTcrossref =  {},
  OPTkey =   {},
  booktitle = {IEEE European Test Symposium (ETS)},
  year =   {2013},
  OPTeditor =    {},
  OPTvolume =   {},
  OPTnumber =    {},
  OPTseries =   {},
  OPTpages =    {1-6},
  OPTmonth =    {May},
  OPTaddress =   {},
  OPTorganization = {},
  OPTpublisher = {},
  OPTnote =    {},
  OPTannote =    {}
}


@Inproceedings{q2:apxcomp,
  author =   {Venkataramani, Swagath and Chakradhar, Srimat T. and Roy, Kaushik and Raghunathan, Anand},
  title =    {Approximate Computing and the Quest for Computing Efficiency},
  OPTcrossref =  {},
  OPTkey =   {},
  booktitle = {Design Automation Conference},
  year =   {2015},
  OPTeditor =    {},
  OPTvolume =   {},
  OPTnumber =    {},
  OPTseries =   {},
  OPTpages =    {1-6},
  OPTmonth =    {},
  OPTaddress =   {},
  OPTorganization = {},
  OPTpublisher = {},
  OPTnote =    {},
  OPTannote =    {}
}

@Article{q2:gpl,
  author =   {J. {Schlachter} and V. {Camus} and K. V. {Palem} and C. {Enz}},
  title =    {Design and Applications of Approximate Circuits by Gate-Level Pruning},
  journal =    {IEEE Transactions on Very Large Scale Integration (VLSI) Systems},
  year =   {2017},
  OPTkey =    {},
  OPTvolume =   {25},
  OPTnumber =   {5},
  OPTpages =    {1694-1702},
  OPTmonth =    {May},
  OPTnote =   {},
  OPTannote =   {}
}

@Inproceedings{q2:onemint,
  author =   {M. {Fujita}},
  title =    {An approach to approximate computing: Logic transformations for one-minterm changes in specifications},
  OPTcrossref =  {},
  OPTkey =   {},
  booktitle = {IEEE International High Level Design Validation and Test Workshop (HLDVT)},
  year =   {2017},
  OPTeditor =    {},
  OPTvolume =   {},
  OPTnumber =    {},
  OPTseries =   {},
  OPTpages =    {91-94},
  OPTmonth =    {Oct},
  OPTaddress =   {},
  OPTorganization = {},
  OPTpublisher = {},
  OPTnote =    {},
  OPTannote =    {}
}

@Article{q2:comp18,
  author =   {Schlachter, Jérémy Lucien Maurice},
  title =    {Trading off Energy versus Accuracy in Modern Computing Systems From Digital Circuit Design to Programming  Techniques},
  journal =    {EPFL},
  year =   {2018},
  OPTkey =    {},
  OPTvolume =   {},
  OPTnumber =   {},
  OPTpages =    {},
  OPTmonth =    {},
  OPTnote =   {},
  OPTannote =   {}
}

@Article{q2:autlpapproxcomp,
  author =   {K. {Nepal} and S. {Hashemi} and H. {Tann} and R. I. {Bahar} and S. {Reda}},
  title =    {Automated High-Level Generation of Low-Power Approximate Computing Circuits},
  journal =    {IEEE Transactions on Emerging Topics in Computing},
  year =   {2019},
  OPTkey =    {},
  OPTvolume =   {7},
  OPTnumber =   {1},
  OPTpages =    {18-30},
  OPTmonth =    {Jan},
  OPTnote =   {},
  OPTannote =   {}
}

//Q3


//Q4

@Book{q4:miron,
  author =   {Miron Abramovici and Melvin A. Breuer and Arthur D. Friedman},
  ALTeditor =    {},
  title =    {Digital systems testing and testable desig}, 
  publisher =    {Wiley},
  year =   {1990},
  OPTkey =   {},
  OPTvolume =    {},
  OPTnumber =    {},
  OPTseries =    {},
  OPTaddress =   {},
  OPTedition =   {},
  OPTmonth =   {},
  OPTnote =    {},
  OPTannote =    {}
}

@Book{q4:agabush,
  author =   {Bushnell, M. and Agrawal, Vishwani},
  ALTeditor =    {},
  title =    {Essentials of Electronic Testing for Digital, Memory and Mixed-Signal VLSI Circuits}, 
  publisher =    {Springer},
  year =   {2013},
  OPTkey =   {},
  OPTvolume =    {},
  OPTnumber =    {},
  OPTseries =    {},
  OPTaddress =   {},
  OPTedition =   {},
  OPTmonth =   {},
  OPTnote =    {},
  OPTannote =    {}
}

@Inproceedings{q4:dft,
  author =   {A. {Virazel} and R. {David} and P. {Girard} and C. {Landrault} and S. {Pravossoudovitch}},
  ALTeditor =    {},
  title =    {Delay fault testing: choosing between random SIC and random MIC test sequences}, 
  publisher =    {IEEE European Test Workshop},
  year =   {2000},
  OPTeditor =    {},
  OPTvolume =   {},
  OPTnumber =    {},
  OPTseries =   {},
  OPTpages =    {9-14},
  OPTmonth =    {May},
  OPTaddress =   {},
  OPTorganization = {},
  OPTpublisher = {},
  OPTnote =    {},
  OPTannote =    {}
}

@Book{q4:aacs,
  author =   {Bhatnagar, Himanshu},
  ALTeditor =    {},
  title =    {Advanced ASIC Chip Synthesis: Using Synopsys' Design Compiler and PrimeTime}, 
  publisher =    {Kluwer Academic Publishers},
  year =   {1999},
  OPTkey =   {},
  OPTvolume =    {},
  OPTnumber =    {},
  OPTseries =    {},
  OPTaddress =   {},
  OPTedition =   {},
  OPTmonth =   {},
  OPTnote =    {},
  OPTannote =    {}
}

@Book{q4:sdd,
  author =   {Tehranipoor, Mohammad and Peng, Ke and Chakrabarty, Krishnendu},
  ALTeditor =    {},
  title =    {Test and Diagnosis for Small-Delay Defects}, 
  publisher =    {Springer},
  year =   {2011},
  OPTkey =   {},
  OPTvolume =    {},
  OPTnumber =    {},
  OPTseries =    {},
  OPTaddress =   {},
  OPTedition =   {},
  OPTmonth =   {},
  OPTnote =    {},
  OPTannote =    {}
}

@Inproceedings{q4:vts19,
  author =   {Mahmod, Jubayer and Millican, Spencer and Guin, Ujjwal and D. Agrawal, Vishwani},
  title =    {Special Session: Delay Fault Testing - Present and Future},
  OPTcrossref =  {},
  OPTkey =   {},
  booktitle = {VLSI Test Symposium},
  year =   {2019},
  OPTeditor =    {},
  OPTvolume =   {},
  OPTnumber =    {},
  OPTseries =   {},
  OPTpages =    {},
  OPTmonth =    {April},
  OPTaddress =   {},
  OPTorganization = {},
  OPTpublisher = {},
  OPTnote =    {},
  OPTannote =    {}
} 

@Article{q4:sdd,
  author =   {S. {Yang} and Z. {Wen} and S. {Huang} and K. {Tsai} and W. {Cheng}},
  title =    {Circuit and Methodology for Testing Small Delay Faults in the Clock Network},
  journal =    {IEEE Transactions on Computer-Aided Design of Integrated Circuits and Systems},
  year =   {2018},
  OPTkey =    {},
  OPTvolume =   {37},
  OPTnumber =   {10},
  OPTpages =    {2087-2097},
  OPTmonth =    {Oct},
  OPTnote =   {},
  OPTannote =   {}
}

@Article{q4:sat,
  author =   {Alouneh, Sahel and Abed, Sa'Ed and Alshayeji, Mohammad and Mesleh, Raed},
  title =    {A comprehensive study and analysis on SAT-solvers: advances, usages and achievements},
  journal =    {Artificial Intelligence Review},
  year =   {2018},
  OPTkey =    {},
  OPTvolume =   {},
  OPTnumber =   {},
  OPTpages =    {},
  OPTmonth =    {Mar},
  OPTnote =   {},
  OPTannote =   {}
}

//revsca paper 

@Inproceedings{revsca,
  author =   {Mahzoon, Alireza and Gro\sse, Daniel and Drechsler, Rolf},
  title =    {RevSCA: Using Reverse Engineering to Bring Light into Backward Rewriting for Big and Dirty Multipliers},
  OPTcrossref =  {},
  OPTkey =   {},
  booktitle = {Design Automation Conference},
  year =   {2019},
  OPTeditor =    {},
  OPTvolume =   {},
  OPTnumber =    {},
  OPTseries =   {},
  OPTpages =    {1-6},
  OPTmonth =    {},
  OPTaddress =   {},
  OPTorganization = {},
  OPTpublisher = {},
  OPTnote =    {},
  OPTannote =    {}
}
